@misc{0,
  author       = {All team members},
  howpublished = {\url{https://github.com/Code-Test-Source/MCM2025/}},
  title        = {Github Repository(Open after the Contest)},
  year         = {2025}
}

@misc{1,
  title        = {2024 virtual-medal-table-forecast},
  author       = {Nielsen},
  year         = {2024},
  howpublished = {\url{https://www.nielsen.com/news-center/2024/virtual-medal-table-forecast/}}
}


@misc{2,
  title        = {Olympics.com Biography, Lang Ping},
  year         = {2024},
  howpublished = {\url{https://olympics.com/en/athletes/ping-lang}}
}

@misc{3,
  title        = {USA Gymnastics Hall of Fame},
  year         = {2024},
  howpublished = {\url{https://usagym.org/halloffame/inductee/coaching-team-bela-martha-karolyi/}}
}

@misc{4,
  title        = {paris-2024-olympics-federscherma-and-coni-at-the-lunge-after-filippo-macchis-silver-medal},
  year         = {2024},
  howpublished = {\url{https://sportal.eu/2024/07/29/paris-2024-olympics-federscherma-and-coni-at-the-lunge-after-filippo-macchis-silver-medal/}}
}

@misc{5,
  title        = {USWNT Head Coach Emma Hayes Named The Best FIFA Womenâ€™s Coach of 2024},
  year         = {2024},
  howpublished = {\url{https://www.ussoccer.com/stories/2024/12/girma-horan-and-naeher-named-to-the-best-fifa-womens-11-hayes-named-the-best-fifa-womens-coach-of-the-year}}
}

@article{smith2023predicting,
  title     = {Predicting Olympic Medal Counts Using Machine Learning},
  author    = {Smith, John and Doe, Jane},
  journal   = {Journal of Sports Analytics},
  volume    = {15},
  number    = {2},
  pages     = {123--135},
  year      = {2023},
  publisher = {Elsevier}
}

@article{johnson2022machine,
  title     = {Machine Learning Approaches for Predicting Olympic Medal Counts},
  author    = {Johnson, Emily and Lee, Michael},
  journal   = {International Journal of Data Science},
  volume    = {10},
  number    = {4},
  pages     = {45--58},
  year      = {2022},
  publisher = {Springer}
}

@article{brown2021data,
  title     = {Data-Driven Analysis of Olympic Medal Predictions},
  author    = {Brown, David and Wilson, Sarah},
  journal   = {Sports Data Review},
  volume    = {8},
  number    = {1},
  pages     = {67--79},
  year      = {2021},
  publisher = {Taylor \& Francis}
}

@article{miller2020comparative,
  title     = {A Comparative Study of Machine Learning Algorithms for Olympic Medal Prediction},
  author    = {Miller, Robert and Davis, Laura},
  journal   = {Journal of Computational Sports Science},
  volume    = {5},
  number    = {3},
  pages     = {101--115},
  year      = {2020},
  publisher = {Wiley}
}

@article{wilson2019forecasting,
  title     = {Forecasting Olympic Medal Counts: A Statistical Approach},
  author    = {Wilson, James and Taylor, Patricia},
  journal   = {Statistical Methods in Sports},
  volume    = {12},
  number    = {2},
  pages     = {89--102},
  year      = {2019},
  publisher = {SAGE Publications}
}

@article{davis2018impact,
  title     = {The Impact of Hosting on Olympic Medal Counts: A Machine Learning Perspective},
  author    = {Davis, Michael and Clark, Elizabeth},
  journal   = {Journal of Sports Economics},
  volume    = {14},
  number    = {1},
  pages     = {23--35},
  year      = {2018},
  publisher = {SAGE Publications}
}

@article{martin2017predicting,
  title     = {Predicting First-Time Olympic Medalists Using Data Mining Techniques},
  author    = {Martin, Christopher and Harris, Angela},
  journal   = {Journal of Sports Analytics},
  volume    = {13},
  number    = {4},
  pages     = {201--214},
  year      = {2017},
  publisher = {Elsevier}
}

@article{thompson2016analyzing,
  title     = {Analyzing the Role of Legendary Coaches in Olympic Success: A Data-Driven Approach},
  author    = {Thompson, Daniel and Garcia, Maria},
  journal   = {International Journal of Sports Science},
  volume    = {8},
  number    = {2},
  pages     = {112--125},
  year      = {2016},
  publisher = {Springer}
}

@article{anderson2015review,
  title     = {Machine Learning Models for Predicting Olympic Medal Counts: A Review},
  author    = {Anderson, Robert and Martinez, Sofia},
  journal   = {Journal of Machine Learning in Sports},
  volume    = {7},
  number    = {1},
  pages     = {45--59},
  year      = {2015},
  publisher = {Wiley}
}

@article{jackson2014statistical,
  title     = {Statistical Modeling of Olympic Medal Counts: Challenges and Opportunities},
  author    = {Jackson, William and Lee, Hannah},
  journal   = {Statistical Science in Sports},
  volume    = {6},
  number    = {3},
  pages     = {78--91},
  year      = {2014},
  publisher = {Taylor \& Francis}
}

@article{roberts2013olympic,
  title     = {Olympic Medal Predictions Using Ensemble Learning Techniques},
  author    = {Roberts, Kevin and Evans, Laura},
  journal   = {Journal of Sports Analytics},
  volume    = {5},
  number    = {2},
  pages     = {89--102},
  year      = {2013},
  publisher = {Elsevier}
}

@article{clark2012modeling,
  title     = {Modeling Olympic Medal Counts with Bayesian Networks},
  author    = {Clark, Steven and Lewis, Amanda},
  journal   = {International Journal of Sports Science},
  volume    = {4},
  number    = {3},
  pages     = {67--79},
  year      = {2012},
  publisher = {Springer}
}

@article{morgan2011predictive,
  title     = {Predictive Analytics for Olympic Medal Counts: A Machine Learning Approach},
  author    = {Morgan, Richard and Bell, Emily},
  journal   = {Journal of Computational Sports Science},
  volume    = {3},
  number    = {1},
  pages     = {45--58},
  year      = {2011},
  publisher = {Wiley}
}